@book{hyvasrinen_karhunen_oja_2004,
	place={New York, NY},
	title={Independent Component Analysis},
	publisher={John Wiley and Sons},
	author={Hyvasrinen, Aapo and Karhunen, Juha and Oja, Erkki},
	year={2004}
},

@article{kuo_lin_yu_lo_lyu_chou_chuang_2016,
	title={A Fully Integrated 60-GHz CMOS Direct-Conversion Doppler Radar RF Sensor With Clutter Canceller for Single-Antenna Noncontact Human Vital-Signs Detection},
	volume={64},
	DOI={10.1109/tmtt.2016.2536600},
	number={4},
	journal={IEEE Transactions on Microwave Theory and Techniques},
	author={Kuo, Hsin-Chih and Lin, Chien-Chih and Yu, Chun-Han and Lo, Pei-Hua and Lyu, Jhin-Ying and Chou, Chien-Chang and Chuang, Huey-Ru},
	year={2016},
	pages={1018-1028}
},

@article{lien_gillian_karagozler_amihood_schwesig_olson_raja_poupyrev_2016,
	title={Soli: Ubiquitous Gesture Sensing with Millimeter Wave Radar},
	volume={35},
	DOI={10.1145/2897824.2925953},
	number={4},
	journal={ACM Transactions on Graphics},
	author={Lien, Jaime and Gillian, Nicholas and Karagozler, M. Emre and Amihood, Patrick and Schwesig, Carsten and Olson, Erik and Raja, Hakim and Poupyrev, Ivan},
	year={2016},
	pages={1-19}
},

@inbook{rappaport_2006,
	title={Soil Moisture and Surface Roughness Effects in Ground Penetrating Radar Detection of Land Mines},
	booktitle={2006 IEEE MTT-S International Microwave Symposium Digest},
	publisher={IEEE},
	author={Rappaport, Carey},
	year={2006}
},

@book{richards_2014,
	place={New York, NY},
	title={Fundamentals of radar signal processing},
	publisher={McGraw-Hill Education},
	author={Richards, Mark A},
	year={2014}
},

@article{strese_schuwerk_iepure_steinbach_2017,
	title={Multimodal Feature-Based Surface Material Classification},
	volume={10},
	DOI={10.1109/toh.2016.2625787},
	number={2},
	journal={IEEE Transactions on Haptics},
	author={Strese, Matti and Schuwerk, Clemens and Iepure, Albert and Steinbach, Eckehard},
	year={2017},
	pages={226-239}
},

@article{zhai_2018,
	title={Target Tracking based on Millimeter Wave Radar in Complex Scenes},
	DOI={10.23940/ijpe.18.02.p5.232244},
	journal={International Journal of Performability Engineering},
	author={Zhai, Guangyao},
	year={2018}
}
